%% This BibTeX bibliography file was created using BibDesk.
%% http://bibdesk.sourceforge.net/

%% Created for Eileen Blum at 2018-05-07 08:28:19 -0400 


%% Saved with string encoding Unicode (UTF-8) 



@incollection{hickey2014,
	Author = {Raymond Hickey},
	Booktitle = {Empirical Approaches to Language Typology},
	Date-Added = {2018-05-07 12:13:20 +0000},
	Date-Modified = {2018-05-07 12:14:55 +0000},
	Publisher = {De Gruyter Mouton},
	Title = {The Sound Structure of Irish},
	Volume = {47},
	Year = {2014}}

@inbook{gussman2002,
	Author = {Edmund Gussman},
	Chapter = {9},
	Date-Added = {2018-05-07 12:11:51 +0000},
	Date-Modified = {2018-05-07 12:13:04 +0000},
	Publisher = {Cambridge University},
	Title = {Phonology: Analysis and Theory},
	Year = {2002},
	Bdsk-File-1 = {YnBsaXN0MDDUAQIDBAUGJCVYJHZlcnNpb25YJG9iamVjdHNZJGFyY2hpdmVyVCR0b3ASAAGGoKgHCBMUFRYaIVUkbnVsbNMJCgsMDxJXTlMua2V5c1pOUy5vYmplY3RzViRjbGFzc6INDoACgAOiEBGABIAFgAdccmVsYXRpdmVQYXRoWWFsaWFzRGF0YV8QJi4uLy4uLy4uLy4uL1Jlc291cmNlcy9HdXNzbWFuIDIwMDIucGRm0hcLGBlXTlMuZGF0YU8RAcoAAAAAAcoAAgAADE1hY2ludG9zaCBIRAAAAAAAAAAAAAAAAAAAANFS6YxIKwAAAH5eChBHdXNzbWFuIDIwMDIucGRmAAAAAAAAAAAAAAAAAAAAAAAAAAAAAAAAAAAAAAAAAAAAAAAAAAAAAAAAAAAAAAACvkMP1eWTrAAAAAAAAAAAAAQAAgAACSAAAAAAAAAAAAAAAAAAAAAJUmVzb3VyY2VzAAAQAAgAANFTIcwAAAARAAgAANXly+wAAAABABQAfl4KAGQEVwAJ4PIACaQ1AAKYNwACAFVNYWNpbnRvc2ggSEQ6VXNlcnM6AGxhZHlidWc6AERyb3Bib3g6AE11bnN0ZXJJcmlzaFN0cmVzczoAUmVzb3VyY2VzOgBHdXNzbWFuIDIwMDIucGRmAAAOACIAEABHAHUAcwBzAG0AYQBuACAAMgAwADAAMgAuAHAAZABmAA8AGgAMAE0AYQBjAGkAbgB0AG8AcwBoACAASABEABIAQ1VzZXJzL2xhZHlidWcvRHJvcGJveC9NdW5zdGVySXJpc2hTdHJlc3MvUmVzb3VyY2VzL0d1c3NtYW4gMjAwMi5wZGYAABMAAS8AABUAAgAO//8AAIAG0hscHR5aJGNsYXNzbmFtZVgkY2xhc3Nlc11OU011dGFibGVEYXRhox0fIFZOU0RhdGFYTlNPYmplY3TSGxwiI1xOU0RpY3Rpb25hcnmiIiBfEA9OU0tleWVkQXJjaGl2ZXLRJidUcm9vdIABAAgAEQAaACMALQAyADcAQABGAE0AVQBgAGcAagBsAG4AcQBzAHUAdwCEAI4AtwC8AMQCkgKUApkCpAKtArsCvwLGAs8C1ALhAuQC9gL5Av4AAAAAAAACAQAAAAAAAAAoAAAAAAAAAAAAAAAAAAADAA==}}

@article{ose1989,
	Author = {Diarmuid {\'O} S{\'e}},
	Date-Added = {2018-05-07 12:09:47 +0000},
	Date-Modified = {2018-05-07 12:11:24 +0000},
	Journal = {{\'E}riu},
	Publisher = {Royal Irish Academy},
	Title = {Contributions to the Study of Word Stress in Irish},
	Volume = {40},
	Year = {1989},
	Bdsk-File-1 = {YnBsaXN0MDDUAQIDBAUGJCVYJHZlcnNpb25YJG9iamVjdHNZJGFyY2hpdmVyVCR0b3ASAAGGoKgHCBMUFRYaIVUkbnVsbNMJCgsMDxJXTlMua2V5c1pOUy5vYmplY3RzViRjbGFzc6INDoACgAOiEBGABIAFgAdccmVsYXRpdmVQYXRoWWFsaWFzRGF0YV8QIy4uLy4uLy4uLy4uL1Jlc291cmNlcy9PIFNlIDE5ODkucGRm0hcLGBlXTlMuZGF0YU8RAbwAAAAAAbwAAgAADE1hY2ludG9zaCBIRAAAAAAAAAAAAAAAAAAAANFS6YxIKwAAAH5eCg1PIFNlIDE5ODkucGRmAAAAAAAAAAAAAAAAAAAAAAAAAAAAAAAAAAAAAAAAAAAAAAAAAAAAAAAAAAAAAAAAAAABVXd20zqtTAAAAAAAAAAAAAQAAgAACSAAAAAAAAAAAAAAAAAAAAAJUmVzb3VyY2VzAAAQAAgAANFTIcwAAAARAAgAANM65YwAAAABABQAfl4KAGQEVwAJ4PIACaQ1AAKYNwACAFJNYWNpbnRvc2ggSEQ6VXNlcnM6AGxhZHlidWc6AERyb3Bib3g6AE11bnN0ZXJJcmlzaFN0cmVzczoAUmVzb3VyY2VzOgBPIFNlIDE5ODkucGRmAA4AHAANAE8AIABTAGUAIAAxADkAOAA5AC4AcABkAGYADwAaAAwATQBhAGMAaQBuAHQAbwBzAGgAIABIAEQAEgBAVXNlcnMvbGFkeWJ1Zy9Ecm9wYm94L011bnN0ZXJJcmlzaFN0cmVzcy9SZXNvdXJjZXMvTyBTZSAxOTg5LnBkZgATAAEvAAAVAAIADv//AACABtIbHB0eWiRjbGFzc25hbWVYJGNsYXNzZXNdTlNNdXRhYmxlRGF0YaMdHyBWTlNEYXRhWE5TT2JqZWN00hscIiNcTlNEaWN0aW9uYXJ5oiIgXxAPTlNLZXllZEFyY2hpdmVy0SYnVHJvb3SAAQAIABEAGgAjAC0AMgA3AEAARgBNAFUAYABnAGoAbABuAHEAcwB1AHcAhACOALQAuQDBAoECgwKIApMCnAKqAq4CtQK+AsMC0ALTAuUC6ALtAAAAAAAAAgEAAAAAAAAAKAAAAAAAAAAAAAAAAAAAAu8=}}

@book{osiadhail1989,
	Author = {Micheal O'Siadhail},
	Date-Added = {2018-05-07 12:08:26 +0000},
	Date-Modified = {2018-05-07 12:09:36 +0000},
	Publisher = {Cambridge University Press},
	Title = {Modern Irish: Grammatical structure and dialectal variation},
	Year = {1989}}

@article{blankenhorn1981,
	Author = {Virginia Blankenhorn},
	Date-Added = {2018-05-07 12:06:43 +0000},
	Date-Modified = {2018-05-07 12:18:21 +0000},
	Journal = {{\'E}igse},
	Number = {2},
	Pages = {225-250},
	Title = {Pitch, quantity and stress in Munster Irish},
	Volume = {18},
	Year = {1981},
	Bdsk-File-1 = {YnBsaXN0MDDUAQIDBAUGJCVYJHZlcnNpb25YJG9iamVjdHNZJGFyY2hpdmVyVCR0b3ASAAGGoKgHCBMUFRYaIVUkbnVsbNMJCgsMDxJXTlMua2V5c1pOUy5vYmplY3RzViRjbGFzc6INDoACgAOiEBGABIAFgAdccmVsYXRpdmVQYXRoWWFsaWFzRGF0YV8QKi4uLy4uLy4uLy4uL1Jlc291cmNlcy9CbGFua2VuaG9ybiAxOTgxLnBkZtIXCxgZV05TLmRhdGFPEQHaAAAAAAHaAAIAAAxNYWNpbnRvc2ggSEQAAAAAAAAAAAAAAAAAAADRUumMSCsAAAB+XgoUQmxhbmtlbmhvcm4gMTk4MS5wZGYAAAAAAAAAAAAAAAAAAAAAAAAAAAAAAAAAAAAAAAAAAAAAAAAAAAAAAAAAAsW0H9XzIPdQREYgQ0FSTwAEAAIAAAkgAAAAAAAAAAAAAAAAAAAACVJlc291cmNlcwAAEAAIAADRUyHMAAAAEQAIAADV81k3AAAAAQAUAH5eCgBkBFcACeDyAAmkNQACmDcAAgBZTWFjaW50b3NoIEhEOlVzZXJzOgBsYWR5YnVnOgBEcm9wYm94OgBNdW5zdGVySXJpc2hTdHJlc3M6AFJlc291cmNlczoAQmxhbmtlbmhvcm4gMTk4MS5wZGYAAA4AKgAUAEIAbABhAG4AawBlAG4AaABvAHIAbgAgADEAOQA4ADEALgBwAGQAZgAPABoADABNAGEAYwBpAG4AdABvAHMAaAAgAEgARAASAEdVc2Vycy9sYWR5YnVnL0Ryb3Bib3gvTXVuc3RlcklyaXNoU3RyZXNzL1Jlc291cmNlcy9CbGFua2VuaG9ybiAxOTgxLnBkZgAAEwABLwAAFQACAA7//wAAgAbSGxwdHlokY2xhc3NuYW1lWCRjbGFzc2VzXU5TTXV0YWJsZURhdGGjHR8gVk5TRGF0YVhOU09iamVjdNIbHCIjXE5TRGljdGlvbmFyeaIiIF8QD05TS2V5ZWRBcmNoaXZlctEmJ1Ryb290gAEACAARABoAIwAtADIANwBAAEYATQBVAGAAZwBqAGwAbgBxAHMAdQB3AIQAjgC7AMAAyAKmAqgCrQK4AsECzwLTAtoC4wLoAvUC+AMKAw0DEgAAAAAAAAIBAAAAAAAAACgAAAAAAAAAAAAAAAAAAAMU}}

@book{breatnach1947,
	Author = {Risteard Breatnach},
	Date-Added = {2018-05-07 12:05:29 +0000},
	Date-Modified = {2018-05-07 12:06:31 +0000},
	Publisher = {Dublin Institute for Advanced Studies},
	Title = {The Irish of Ring, Co. Waterford},
	Year = {1947}}

@book{ocuiv1944,
	Author = {Brian {\'O}Cu{\'\i}v},
	Date-Added = {2018-05-07 12:04:18 +0000},
	Date-Modified = {2018-05-07 12:20:18 +0000},
	Publisher = {Dublin Institute for Advanced Studies},
	Title = {The Irish of West Muskerry, Co. Cork},
	Year = {1944}}

@book{orahilly1932,
	Author = {Thomas O'Rahilly},
	Date-Added = {2018-05-07 12:03:03 +0000},
	Date-Modified = {2018-05-07 12:04:04 +0000},
	Publisher = {Dublin institute for advanced studies},
	Title = {Irish dialects past and present: With chapters on Scottish and Manx},
	Year = {1932}}

@unpublished{blum2018,
	Author = {Eileen Blum},
	Date-Added = {2018-05-04 16:58:09 +0000},
	Date-Modified = {2018-05-07 12:24:49 +0000},
	Month = {January},
	Note = {Qualifying Paper},
	School = {Rutgers University},
	Title = {Allophony-driven stress in Munster Irish},
	Year = {2018}}

@article{delacy2006,
	Author = {Paul deLacy},
	Date-Added = {2018-05-03 15:06:06 +0000},
	Date-Modified = {2018-05-03 15:10:31 +0000},
	Journal = {Cambridge studies in linguistics},
	Number = {doi:10.1017/CBO9780511486388},
	Title = {Markedness: Reduction and preservation in phonology},
	Volume = {112},
	Year = {2006}}

@article{delacy2004,
	Author = {Paul deLacy},
	Date-Added = {2018-05-03 15:04:51 +0000},
	Date-Modified = {2018-05-03 15:10:52 +0000},
	Journal = {Phonology},
	Title = {Markedness conflation in optimality theory},
	Volume = {21},
	Year = {2004}}

@phdthesis{delacy2002,
	Author = {Paul deLacy},
	Date-Added = {2018-05-03 15:03:49 +0000},
	Date-Modified = {2018-05-03 15:10:18 +0000},
	School = {University of Massachusetts Amherst},
	Title = {The formal expression of markedness},
	Year = {2002},
	Bdsk-File-1 = {YnBsaXN0MDDUAQIDBAUGJCVYJHZlcnNpb25YJG9iamVjdHNZJGFyY2hpdmVyVCR0b3ASAAGGoKgHCBMUFRYaIVUkbnVsbNMJCgsMDxJXTlMua2V5c1pOUy5vYmplY3RzViRjbGFzc6INDoACgAOiEBGABIAFgAdccmVsYXRpdmVQYXRoWWFsaWFzRGF0YV8QMi4uLy4uLy4uLy4uL1Jlc291cmNlcy9QYXVsIGRlIExhY3kvZGVMYWN5IDIwMDIuUERG0hcLGBlXTlMuZGF0YU8RAeYAAAAAAeYAAgAADE1hY2ludG9zaCBIRAAAAAAAAAAAAAAAAAAAANFS6YxIKwAAAe9SXA9kZUxhY3kgMjAwMi5QREYAAAAAAAAAAAAAAAAAAAAAAAAAAAAAAAAAAAAAAAAAAAAAAAAAAAAAAAAAAAAAAAAB++hX1DpxBAAAAAAAAAAAAAQAAwAACSAAAAAAAAAAAAAAAAAAAAAMUGF1bCBkZSBMYWN5ABAACAAA0VMhzAAAABEACAAA1DqpRAAAAAEAGAHvUlwAfl4KAGQEVwAJ4PIACaQ1AAKYNwACAGJNYWNpbnRvc2ggSEQ6VXNlcnM6AGxhZHlidWc6AERyb3Bib3g6AE11bnN0ZXJJcmlzaFN0cmVzczoAUmVzb3VyY2VzOgBQYXVsIGRlIExhY3k6AGRlTGFjeSAyMDAyLlBERgAOACAADwBkAGUATABhAGMAeQAgADIAMAAwADIALgBQAEQARgAPABoADABNAGEAYwBpAG4AdABvAHMAaAAgAEgARAASAE9Vc2Vycy9sYWR5YnVnL0Ryb3Bib3gvTXVuc3RlcklyaXNoU3RyZXNzL1Jlc291cmNlcy9QYXVsIGRlIExhY3kvZGVMYWN5IDIwMDIuUERGAAATAAEvAAAVAAIADv//AACABtIbHB0eWiRjbGFzc25hbWVYJGNsYXNzZXNdTlNNdXRhYmxlRGF0YaMdHyBWTlNEYXRhWE5TT2JqZWN00hscIiNcTlNEaWN0aW9uYXJ5oiIgXxAPTlNLZXllZEFyY2hpdmVy0SYnVHJvb3SAAQAIABEAGgAjAC0AMgA3AEAARgBNAFUAYABnAGoAbABuAHEAcwB1AHcAhACOAMMAyADQAroCvALBAswC1QLjAucC7gL3AvwDCQMMAx4DIQMmAAAAAAAAAgEAAAAAAAAAKAAAAAAAAAAAAAAAAAAAAyg=}}

@book{hayes95,
	Author = {Bruce Hayes},
	Date-Added = {2018-05-03 14:59:02 +0000},
	Date-Modified = {2018-05-03 14:59:55 +0000},
	Publisher = {University of Chicago Press},
	Title = {Metrical Stress Theory},
	Year = {1995}}

@electronic{praat,
	Author = {Paul Boersma and David Weenink},
	Date-Added = {2018-05-02 17:55:27 +0000},
	Date-Modified = {2018-05-07 12:26:32 +0000},
	Title = {Praat: doing phonetics by computer},
	Url = {http://www.praat.org/},
	Year = {2013}}

@unpublished{shih2016,
	Author = {Shu-hao Shih},
	Date-Added = {2018-05-02 16:46:22 +0000},
	Date-Modified = {2018-05-02 16:49:47 +0000},
	Note = {Qualifying Paper},
	Title = {On the existence of sonority-driven stress in Gujarati},
	Year = {2016},
	Bdsk-File-1 = {YnBsaXN0MDDUAQIDBAUGJCVYJHZlcnNpb25YJG9iamVjdHNZJGFyY2hpdmVyVCR0b3ASAAGGoKgHCBMUFRYaIVUkbnVsbNMJCgsMDxJXTlMua2V5c1pOUy5vYmplY3RzViRjbGFzc6INDoACgAOiEBGABIAFgAdccmVsYXRpdmVQYXRoWWFsaWFzRGF0YV8QUi4uLy4uLy4uLy4uL1Jlc291cmNlcy9Bc3NpZ25lZC9TaGloLU9uIHRoZSBleGlzdGVuY2Ugb2Ygc29ub3JpdHktZHJpdmVuIHN0cmVzcy5wZGbSFwsYGVdOUy5kYXRhTxECVgAAAAACVgACAAAMTWFjaW50b3NoIEhEAAAAAAAAAAAAAAAAAAAA0VLpjEgrAAAB0nOuH1NoaWgtT24gdGhlIGV4aXN0ZW4jMURGMDVGQy5wZGYAAAAAAAAAAAAAAAAAAAAAAAAAAAAAAAAAAAAAAAAAAAHfBfzUDsviAAAAAAAAAAAABAADAAAJIAAAAAAAAAAAAAAAAAAAAAhBc3NpZ25lZAAQAAgAANFTIcwAAAARAAgAANQPBCIAAAABABgB0nOuAH5eCgBkBFcACeDyAAmkNQACmDcAAgBuTWFjaW50b3NoIEhEOlVzZXJzOgBsYWR5YnVnOgBEcm9wYm94OgBNdW5zdGVySXJpc2hTdHJlc3M6AFJlc291cmNlczoAQXNzaWduZWQ6AFNoaWgtT24gdGhlIGV4aXN0ZW4jMURGMDVGQy5wZGYADgBoADMAUwBoAGkAaAAtAE8AbgAgAHQAaABlACAAZQB4AGkAcwB0AGUAbgBjAGUAIABvAGYAIABzAG8AbgBvAHIAaQB0AHkALQBkAHIAaQB2AGUAbgAgAHMAdAByAGUAcwBzAC4AcABkAGYADwAaAAwATQBhAGMAaQBuAHQAbwBzAGgAIABIAEQAEgBvVXNlcnMvbGFkeWJ1Zy9Ecm9wYm94L011bnN0ZXJJcmlzaFN0cmVzcy9SZXNvdXJjZXMvQXNzaWduZWQvU2hpaC1PbiB0aGUgZXhpc3RlbmNlIG9mIHNvbm9yaXR5LWRyaXZlbiBzdHJlc3MucGRmAAATAAEvAAAVAAIADv//AACABtIbHB0eWiRjbGFzc25hbWVYJGNsYXNzZXNdTlNNdXRhYmxlRGF0YaMdHyBWTlNEYXRhWE5TT2JqZWN00hscIiNcTlNEaWN0aW9uYXJ5oiIgXxAPTlNLZXllZEFyY2hpdmVy0SYnVHJvb3SAAQAIABEAGgAjAC0AMgA3AEAARgBNAFUAYABnAGoAbABuAHEAcwB1AHcAhACOAOMA6ADwA0oDTANRA1wDZQNzA3cDfgOHA4wDmQOcA64DsQO2AAAAAAAAAgEAAAAAAAAAKAAAAAAAAAAAAAAAAAAAA7g=}}

@electronic{psychopy,
	Author = {JW Pierce},
	Date-Added = {2018-05-02 16:34:47 +0000},
	Date-Modified = {2018-05-07 12:28:18 +0000},
	Title = {PsychoPy: for stimulus generation and experimental control in Python},
	Url = {http://www.psychopy.org},
	Year = {2015}}

@article{psychopy2,
	Author = {JW Pierce},
	Date-Added = {2018-05-02 16:32:44 +0000},
	Date-Modified = {2018-05-02 16:34:45 +0000},
	Journal = {Frontiers in neuroinformatics},
	Title = {Generating stimuli for neuroscience using PsychoPy},
	Volume = {2},
	Year = {2009}}

@article{vanSanten92,
	Author = {JPH vanSanten},
	Date-Added = {2018-05-02 16:27:19 +0000},
	Date-Modified = {2018-05-03 15:36:16 +0000},
	Journal = {Speech Communication},
	Title = {Contextual effects on vowel duration},
	Volume = {11},
	Year = {1992},
	Bdsk-File-1 = {YnBsaXN0MDDUAQIDBAUGJCVYJHZlcnNpb25YJG9iamVjdHNZJGFyY2hpdmVyVCR0b3ASAAGGoKgHCBMUFRYaIVUkbnVsbNMJCgsMDxJXTlMua2V5c1pOUy5vYmplY3RzViRjbGFzc6INDoACgAOiEBGABIAFgAdccmVsYXRpdmVQYXRoWWFsaWFzRGF0YV8QVy4uLy4uLy4uLy4uL1Jlc291cmNlcy9Bc3NpZ25lZC92YW4gU2FudGVuLTE5OTItQ29udGV4dHVhbCBlZmZlY3RzIG9uIHZvd2VsIGR1cmF0aW9uLnBkZtIXCxgZV05TLmRhdGFPEQJkAAAAAAJkAAIAAAxNYWNpbnRvc2ggSEQAAAAAAAAAAAAAAAAAAADRUumMSCsAAAHSc64fdmFuIFNhbnRlbi0xOTkyLUNvbnQjRjU3MkJCLnBkZgAAAAAAAAAAAAAAAAAAAAAAAAAAAAAAAAAAAAAAAAAAAPVyu9MMkn1QREYgQ0FSTwAEAAMAAAkgAAAAAAAAAAAAAAAAAAAACEFzc2lnbmVkABAACAAA0VMhzAAAABEACAAA0wzKvQAAAAEAGAHSc64Afl4KAGQEVwAJ4PIACaQ1AAKYNwACAG5NYWNpbnRvc2ggSEQ6VXNlcnM6AGxhZHlidWc6AERyb3Bib3g6AE11bnN0ZXJJcmlzaFN0cmVzczoAUmVzb3VyY2VzOgBBc3NpZ25lZDoAdmFuIFNhbnRlbi0xOTkyLUNvbnQjRjU3MkJCLnBkZgAOAHIAOAB2AGEAbgAgAFMAYQBuAHQAZQBuAC0AMQA5ADkAMgAtAEMAbwBuAHQAZQB4AHQAdQBhAGwAIABlAGYAZgBlAGMAdABzACAAbwBuACAAdgBvAHcAZQBsACAAZAB1AHIAYQB0AGkAbwBuAC4AcABkAGYADwAaAAwATQBhAGMAaQBuAHQAbwBzAGgAIABIAEQAEgB0VXNlcnMvbGFkeWJ1Zy9Ecm9wYm94L011bnN0ZXJJcmlzaFN0cmVzcy9SZXNvdXJjZXMvQXNzaWduZWQvdmFuIFNhbnRlbi0xOTkyLUNvbnRleHR1YWwgZWZmZWN0cyBvbiB2b3dlbCBkdXJhdGlvbi5wZGYAEwABLwAAFQACAA7//wAAgAbSGxwdHlokY2xhc3NuYW1lWCRjbGFzc2VzXU5TTXV0YWJsZURhdGGjHR8gVk5TRGF0YVhOU09iamVjdNIbHCIjXE5TRGljdGlvbmFyeaIiIF8QD05TS2V5ZWRBcmNoaXZlctEmJ1Ryb290gAEACAARABoAIwAtADIANwBAAEYATQBVAGAAZwBqAGwAbgBxAHMAdQB3AIQAjgDoAO0A9QNdA18DZANvA3gDhgOKA5EDmgOfA6wDrwPBA8QDyQAAAAAAAAIBAAAAAAAAACgAAAAAAAAAAAAAAAAAAAPL}}

@webpage{teanglann,
	Date-Added = {2018-05-02 16:22:23 +0000},
	Date-Modified = {2018-05-02 16:24:39 +0000},
	Title = {Pronunciation Database, Dictionary, and Language Library},
	Url = {http://www.teanglann.ie/en/fuaim/},
	Year = {2013},
	Bdsk-Url-1 = {http://www.teanglann.ie/en/fuaim/}}

@manual{Winter-lmer,
	Author = {Bodo Winter},
	Date-Added = {2018-05-02 15:43:47 +0000},
	Date-Modified = {2018-05-02 15:50:40 +0000},
	Keywords = {arXiv:1308.5499},
	Title = {Linear models and linear mixed effects models in R with linguistic applications},
	Url = {http://arxiv.org/pdf/1308.5499.pdf},
	Year = {2013},
	Bdsk-File-1 = {YnBsaXN0MDDUAQIDBAUGJCVYJHZlcnNpb25YJG9iamVjdHNZJGFyY2hpdmVyVCR0b3ASAAGGoKgHCBMUFRYaIVUkbnVsbNMJCgsMDxJXTlMua2V5c1pOUy5vYmplY3RzViRjbGFzc6INDoACgAOiEBGABIAFgAdccmVsYXRpdmVQYXRoWWFsaWFzRGF0YV8QVS4uLy4uLy4uLy4uLy4uL0RvY3VtZW50cy9SdXRnZXJzQ291cnNlcy9EYXRhU2NpNExpbmcvYnd0dXRvcmlhbHMvYndfTE1FX3R1dG9yaWFsMS5wZGbSFwsYGVdOUy5kYXRhTxECDgAAAAACDgACAAAMTWFjaW50b3NoIEhEAAAAAAAAAAAAAAAAAAAA0VLpjEgrAAADUcb1FGJ3X0xNRV90dXRvcmlhbDEucGRmAAAAAAAAAAAAAAAAAAAAAAAAAAAAAAAAAAAAAAAAAAAAAAAAAAAAAAAAAANRvDHXDJi7AAAAAAAAAAAABQAFAAAJIAAAAAAAAAAAAAAAAAAAAAtid3R1dG9yaWFscwAAEAAIAADRUyHMAAAAEQAIAADXDND7AAAAAQAcA1HG9QMTcOoALVkwAAnjDAAJ4PIACaQ1AAKYNwACAHBNYWNpbnRvc2ggSEQ6VXNlcnM6AGxhZHlidWc6AERyb3Bib3g6AERvY3VtZW50czoAUnV0Z2Vyc0NvdXJzZXM6AERhdGFTY2k0TGluZzoAYnd0dXRvcmlhbHM6AGJ3X0xNRV90dXRvcmlhbDEucGRmAA4AKgAUAGIAdwBfAEwATQBFAF8AdAB1AHQAbwByAGkAYQBsADEALgBwAGQAZgAPABoADABNAGEAYwBpAG4AdABvAHMAaAAgAEgARAASAFxVc2Vycy9sYWR5YnVnL0Ryb3Bib3gvRG9jdW1lbnRzL1J1dGdlcnNDb3Vyc2VzL0RhdGFTY2k0TGluZy9id3R1dG9yaWFscy9id19MTUVfdHV0b3JpYWwxLnBkZgATAAEvAAAVAAIADv//AACABtIbHB0eWiRjbGFzc25hbWVYJGNsYXNzZXNdTlNNdXRhYmxlRGF0YaMdHyBWTlNEYXRhWE5TT2JqZWN00hscIiNcTlNEaWN0aW9uYXJ5oiIgXxAPTlNLZXllZEFyY2hpdmVy0SYnVHJvb3SAAQAIABEAGgAjAC0AMgA3AEAARgBNAFUAYABnAGoAbABuAHEAcwB1AHcAhACOAOYA6wDzAwUDBwMMAxcDIAMuAzIDOQNCA0cDVANXA2kDbANxAAAAAAAAAgEAAAAAAAAAKAAAAAAAAAAAAAAAAAAAA3M=},
	Bdsk-File-2 = {YnBsaXN0MDDUAQIDBAUGJCVYJHZlcnNpb25YJG9iamVjdHNZJGFyY2hpdmVyVCR0b3ASAAGGoKgHCBMUFRYaIVUkbnVsbNMJCgsMDxJXTlMua2V5c1pOUy5vYmplY3RzViRjbGFzc6INDoACgAOiEBGABIAFgAdccmVsYXRpdmVQYXRoWWFsaWFzRGF0YV8QVS4uLy4uLy4uLy4uLy4uL0RvY3VtZW50cy9SdXRnZXJzQ291cnNlcy9EYXRhU2NpNExpbmcvYnd0dXRvcmlhbHMvYndfTE1FX3R1dG9yaWFsMi5wZGbSFwsYGVdOUy5kYXRhTxECDgAAAAACDgACAAAMTWFjaW50b3NoIEhEAAAAAAAAAAAAAAAAAAAA0VLpjEgrAAADUcb1FGJ3X0xNRV90dXRvcmlhbDIucGRmAAAAAAAAAAAAAAAAAAAAAAAAAAAAAAAAAAAAAAAAAAAAAAAAAAAAAAAAAANRxA7XDKIgAAAAAAAAAAAABQAFAAAJIAAAAAAAAAAAAAAAAAAAAAtid3R1dG9yaWFscwAAEAAIAADRUyHMAAAAEQAIAADXDNpgAAAAAQAcA1HG9QMTcOoALVkwAAnjDAAJ4PIACaQ1AAKYNwACAHBNYWNpbnRvc2ggSEQ6VXNlcnM6AGxhZHlidWc6AERyb3Bib3g6AERvY3VtZW50czoAUnV0Z2Vyc0NvdXJzZXM6AERhdGFTY2k0TGluZzoAYnd0dXRvcmlhbHM6AGJ3X0xNRV90dXRvcmlhbDIucGRmAA4AKgAUAGIAdwBfAEwATQBFAF8AdAB1AHQAbwByAGkAYQBsADIALgBwAGQAZgAPABoADABNAGEAYwBpAG4AdABvAHMAaAAgAEgARAASAFxVc2Vycy9sYWR5YnVnL0Ryb3Bib3gvRG9jdW1lbnRzL1J1dGdlcnNDb3Vyc2VzL0RhdGFTY2k0TGluZy9id3R1dG9yaWFscy9id19MTUVfdHV0b3JpYWwyLnBkZgATAAEvAAAVAAIADv//AACABtIbHB0eWiRjbGFzc25hbWVYJGNsYXNzZXNdTlNNdXRhYmxlRGF0YaMdHyBWTlNEYXRhWE5TT2JqZWN00hscIiNcTlNEaWN0aW9uYXJ5oiIgXxAPTlNLZXllZEFyY2hpdmVy0SYnVHJvb3SAAQAIABEAGgAjAC0AMgA3AEAARgBNAFUAYABnAGoAbABuAHEAcwB1AHcAhACOAOYA6wDzAwUDBwMMAxcDIAMuAzIDOQNCA0cDVANXA2kDbANxAAAAAAAAAgEAAAAAAAAAKAAAAAAAAAAAAAAAAAAAA3M=}}

@manual{R-base,
	Address = {Vienna, Austria},
	Author = {{R Core Team}},
	Organization = {R Foundation for Statistical Computing},
	Title = {R: A Language and Environment for Statistical Computing},
	Url = {https://www.R-project.org/},
	Year = {2016},
	Bdsk-Url-1 = {https://www.R-project.org/}}

@manual{R-dplyr,
	Author = {Hadley Wickham and Romain Francois and Lionel Henry and Kirill M{\"u}ller},
	Note = {R package version 0.7.4},
	Title = {dplyr: A Grammar of Data Manipulation},
	Url = {https://CRAN.R-project.org/package=dplyr},
	Year = {2017},
	Bdsk-Url-1 = {https://CRAN.R-project.org/package=dplyr}}

@book{R-ggplot2,
	Author = {Hadley Wickham},
	Isbn = {978-0-387-98140-6},
	Publisher = {Springer-Verlag New York},
	Title = {ggplot2: Elegant Graphics for Data Analysis},
	Url = {http://ggplot2.org},
	Year = {2009},
	Bdsk-Url-1 = {http://ggplot2.org}}

@manual{R-here,
	Author = {Kirill M{\"u}ller},
	Note = {R package version 0.1},
	Title = {here: A Simpler Way to Find Your Files},
	Url = {https://CRAN.R-project.org/package=here},
	Year = {2017},
	Bdsk-Url-1 = {https://CRAN.R-project.org/package=here}}

@article{R-lme4,
	Author = {Douglas Bates and Martin M{\"a}chler and Ben Bolker and Steve Walker},
	Doi = {10.18637/jss.v067.i01},
	Journal = {Journal of Statistical Software},
	Number = {1},
	Pages = {1--48},
	Title = {Fitting Linear Mixed-Effects Models Using {lme4}},
	Volume = {67},
	Year = {2015},
	Bdsk-Url-1 = {https://doi.org/10.18637/jss.v067.i01}}

@manual{R-papaja,
	Author = {Frederik Aust and Marius Barth},
	Note = {R package version 0.1.0.9655},
	Title = {{papaja}: {Create} {APA} manuscripts with {R Markdown}},
	Url = {https://github.com/crsh/papaja},
	Year = {2017},
	Bdsk-Url-1 = {https://github.com/crsh/papaja}}

@manual{R-tibble,
	Author = {Kirill M{\"u}ller and Hadley Wickham},
	Note = {R package version 1.4.2},
	Title = {tibble: Simple Data Frames},
	Url = {https://CRAN.R-project.org/package=tibble},
	Year = {2018},
	Bdsk-Url-1 = {https://CRAN.R-project.org/package=tibble}}

@manual{R-tidyr,
	Author = {Hadley Wickham and Lionel Henry},
	Note = {R package version 0.8.0},
	Title = {tidyr: Easily Tidy Data with 'spread()' and 'gather()' Functions},
	Url = {https://CRAN.R-project.org/package=tidyr},
	Year = {2018},
	Bdsk-Url-1 = {https://CRAN.R-project.org/package=tidyr}}

@manual{R-tidyverse,
	Author = {Hadley Wickham},
	Note = {R package version 1.2.1},
	Title = {tidyverse: Easily Install and Load the 'Tidyverse'},
	Url = {https://CRAN.R-project.org/package=tidyverse},
	Year = {2017},
	Bdsk-Url-1 = {https://CRAN.R-project.org/package=tidyverse}}

@manual{R-forcats,
	Author = {Hadley Wickham},
	Note = {R package version 0.3.0},
	Title = {forcats: Tools for Working with Categorical Variables (Factors)},
	Url = {https://CRAN.R-project.org/package=forcats},
	Year = {2018},
	Bdsk-Url-1 = {https://CRAN.R-project.org/package=forcats}}

@manual{R-Matrix,
	Author = {Douglas Bates and Martin Maechler},
	Note = {R package version 1.2-12},
	Title = {Matrix: Sparse and Dense Matrix Classes and Methods},
	Url = {https://CRAN.R-project.org/package=Matrix},
	Year = {2017},
	Bdsk-Url-1 = {https://CRAN.R-project.org/package=Matrix}}

@manual{R-purrr,
	Author = {Lionel Henry and Hadley Wickham},
	Note = {R package version 0.2.4},
	Title = {purrr: Functional Programming Tools},
	Url = {https://CRAN.R-project.org/package=purrr},
	Year = {2017},
	Bdsk-Url-1 = {https://CRAN.R-project.org/package=purrr}}

@manual{R-readr,
	Author = {Hadley Wickham and Jim Hester and Romain Francois},
	Note = {R package version 1.1.1},
	Title = {readr: Read Rectangular Text Data},
	Url = {https://CRAN.R-project.org/package=readr},
	Year = {2017},
	Bdsk-Url-1 = {https://CRAN.R-project.org/package=readr}}

@manual{R-stringr,
	Author = {Hadley Wickham},
	Note = {R package version 1.3.0},
	Title = {stringr: Simple, Consistent Wrappers for Common String Operations},
	Url = {https://CRAN.R-project.org/package=stringr},
	Year = {2018},
	Bdsk-Url-1 = {https://CRAN.R-project.org/package=stringr}}

@manual{R-bindrcpp,
	Author = {Kirill M{\"u}ller},
	Note = {R package version 0.2},
	Title = {bindrcpp: An 'Rcpp' Interface to Active Bindings},
	Url = {https://CRAN.R-project.org/package=bindrcpp},
	Year = {2017},
	Bdsk-Url-1 = {https://CRAN.R-project.org/package=bindrcpp}}
